%% テンプレート用 BibTeX エントリ

%% テンプレート参考

@misc{amsmath-package-documentation,
   author={Frank Mittlbach, Rainer Schopf, Michael Downes},
   title={The amsmath package},
   URL={http://mirrors.ctan.org/macros/latex/required/amslatex/math/amsldoc.pdf}
}

%% 日本語文献
@article{Yoneji2005,
   author="米司, 健一 and 田中, 正行 and 奥富, 正敏",
   title="直線的手ぶれ画像復元のための{PSF}パラメータ推定手法",
   journal="情報処理学会論文誌コンピュータビジョンとイメージメディア（CVIM）",
   ISSN="1882-7810",
   publisher="一般社団法人情報処理学会",
   year="2006",
   month="jun",
   volume="47",
   number="9",
   pages="107-110",
   URL="http://ci.nii.ac.jp/naid/110006391066/",
}

@article{Takagi2016,
   author="高木, 寛 and 池原, 雅章 and 邵, 明 and 仲宗根, 陽一",
   title="局所ウィナーフィルタリングによる画像のノイズ除去 (マルチメディア・仮想環境基礎)",
   journal="電子情報通信学会技術研究報告 = IEICE technical report : 信学技報",
   ISSN="0913-5685",
   publisher="電子情報通信学会",
   year="2016",
   month="mar",
   volume="115",
   number="495",
   pages="129-134",
   URL="http://ci.nii.ac.jp/naid/40020792532/",
}

%% 英語文献
@ARTICLE{Keys1981, 
   author={Keys, R.}, 
   journal={IEEE Transactions on Acoustics, Speech and Signal Processing}, 
   title={Cubic convolution interpolation for digital image processing}, 
   year={1981}, 
   month={Dec}, 
   volume={29}, 
   number={6}, 
   pages={1153-1160}, 
   keywords={Boundary conditions;Convolution;Digital images;Image converters;Image processing;Image sampling;Interpolation;Kernel;Sampling methods;Signal processing algorithms}, 
   doi={10.1109/TASSP.1981.1163711}, 
   ISSN={0096-3518}
}

@ARTICLE{Hou1978, 
author={Hou, H.S. and Andrews, H.}, 
journal={IEEE Transactions on Acoustics, Speech and Signal Processing}, 
title={Cubic splines for image interpolation and digital filtering}, 
year={1978}, 
month={Dec}, 
volume={26}, 
number={6}, 
pages={508-517}, 
keywords={Application software;Digital filters;Filtering theory;Hardware;Image converters;Image sampling;Interpolation;Signal processing;Signal sampling;Spline}, 
doi={10.1109/TASSP.1978.1163154}, 
ISSN={0096-3518},}

@ARTICLE{Jensen1995, 
author={Jensen, K. and Anastassiou, D.}, 
journal={IEEE Transactions on Image Processing}, 
title={Subpixel edge localization and the interpolation of still images}, 
year={1995}, 
month={Mar}, 
volume={4}, 
number={3}, 
pages={285-295}, 
doi={10.1109/83.366477}, 
ISSN={1057-7149},}

@INPROCEEDINGS{Xin2000, 
author={Xin Li and Orchard, M.T.}, 
booktitle={International Conference on Image Processing, 2000. Proceedings}, 
title={New edge directed interpolation}, 
year={2000}, 
month={Sept}, 
volume={2}, 
pages={311-314 vol.2}, 
doi={10.1109/ICIP.2000.899369}, 
ISSN={1522-4880}
}

@ARTICLE{Muresan2004, 
author={Muresan, D.D. and Parks, T.W.}, 
journal={IEEE Transactions on Image Processing}, 
title={Adaptively quadratic (AQua) image interpolation}, 
year={2004}, 
month={May}, 
volume={13}, 
number={5}, 
pages={690-698},
doi={10.1109/TIP.2004.826097}, 
ISSN={1057-7149}
}

@ARTICLE{Zhang2006, 
author={Zhang, D. and Xiaolin Wu}, 
journal={IEEE Transactions on Image Processing}, 
title={An edge-guided image interpolation algorithm via directional filtering and data fusion}, 
year={2006}, 
month={Aug}, 
volume={15}, 
number={8}, 
pages={2226-2238}, 
doi={10.1109/TIP.2006.877407}, 
ISSN={1057-7149}
}

@ARTICLE{Carey1999, 
author={Carey, W.K. and Chuang, D.B. and Hemami, S.S.}, 
journal={IEEE Transactions on Image Processing}, 
title={Regularity-preserving image interpolation}, 
year={1999}, 
month={Sep}, 
volume={8}, 
number={9}, 
pages={1293-1297}, 
doi={10.1109/83.784441}, 
ISSN={1057-7149},}
