@misc{pocsubimproved,
  title={Improved Performance for Subpixel Image Matching Based on Phase-Only Correlation},
  author={Sei Nagashima and Takafumi Aoki},
  year={2004},
  publisher={The Society of Instrument and Control Engineers}
}

@article{dctspc,
  title={Fitting Functions for Noninteger Shift Value Estimation Using {DCT} Sign Phase Correlation},
  author={Ito Izumi and Kiya Hitoshi},
  journal={IEICE transactions on fundamentals of electronics, communications and computer sciences},
  volume={92},
  number={3},
  pages={172--181},
  year={2009},
  publisher={The Institute of Electronics, Information and Communication Engineers}
}

@article{pocsub,
  title={Principles of Phase Only Correlation and Its Applications},
  author={Koji Kobayashi and Hiroshi Nakajima and Takafumi Aoki and Masayuki Kawamata and Tatsuo Higuchi},
  journal={ITE Technical Report},
  volume={20},
  number={41},
  pages={1--6},
  year={1996},
  publisher={The Institute of Image Information and Television Engineers}
}

@article{hoge2003subspace,
  title={A subspace identification extension to the phase correlation method [{MRI} application]},
  author={Hoge, William Scott},
  journal={IEEE Transactions on Medical Imaging},
  volume={22},
  number={2},
  pages={277--280},
  year={2003},
  publisher={IEEE}
}

@article{takita2003high,
  title={High-accuracy subpixel image registration based on phase-only correlation},
  author={Takita, Kenji and Sasaki, Yoshifumi and Higuchi, Tatsuo and Kobayashi, Koji},
  journal={IEICE transactions on fundamentals of electronics, communications and computer sciences},
  volume={86},
  number={8},
  pages={1925--1934},
  year={2003},
  publisher={The Institute of Electronics, Information and Communication Engineers}
}

@article{balci2006subpixel,
  title={Subpixel estimation of shifts directly in the {F}ourier domain},
  author={Balci, Murat and Foroosh, Hassan},
  journal={IEEE Transactions on Image Processing},
  volume={15},
  number={7},
  pages={1965--1972},
  year={2006},
  publisher={IEEE}
}

@inproceedings{dobashi2013parallel,
  title={A parallel implementation method of {FFT}-based full-search block matching algorithms},
  author={Dobashi, Toshiyuki and Kiya, Hitoshi},
  booktitle={IEEE International Conference on Acoustics, Speech and Signal Processing (ICASSP) 2013},
  pages={2644--2648},
  year={2013},
  organization={IEEE}
}

@inproceedings{ito2009multiple,
  title={Multiple-peak model fitting function for {DCT} sign phase correlation with non-integer shift precision},
  author={Ito, Izumi and Kiya, Hitoshi},
  booktitle={IEEE International Conference on Acoustics, Speech and Signal Processing (ICASSP) 2009},
  pages={449--452},
  year={2009},
  organization={IEEE}
}

@inproceedings{kilthau2002full,
  title={Full search content independent block matching based on the fast {F}ourier transform},
  author={Kilthau, Steven L and Drew, Mark S and Moller, Torsten},
  booktitle={Proceedings. International Conference on Image Processing}, 
  volume={1},
  pages={I--669},
  year={2002},
  organization={IEEE}
}

@article{reddy1996fft,
  title={An {FFT}-based technique for translation, rotation, and scale-invariant image registration},
  author={Reddy, B Srinivasa and Chatterji, Biswanath N},
  journal={IEEE transactions on Image processing},
  volume={5},
  number={8},
  pages={1266--1271},
  year={1996}
}