@article{Eason1955,
   author={G. Eason and B. Noble and I. N. Sneddon},
   title={On certain integrals of Lipschitz-Hankel type involving products of Bessel functions},
   journal={Phil. Trans. Roy. Soc. London},
   volume={A247},
   pages={529--551},
   year={1955},
   month={April}
}

@inproceedings{Maxwell1892,
   author={J. Clerk Maxwell},
   title={A Treatise on Electricity and Magnetism},
   booktitle={3rd ed Oxford Clarendon},
   volume={2},
   year={1892},
   pages={68--73}
}

@article{Jacobs1963,
   author={I. S. Jacobs and C. P. Bean},
   title={Fine particles, thin films and exchange anisotropy},
   journal={Magnetism},
   volume={III},
   publisher={G.T. Rado and H. Suhl, Eds. New York: Academic},
   year={1963},
   pages={271-350}
}

@book{Elissa,
   author={K. Elissa},
   title={Title of paper if known},
   publisher={unpublished}
}


@book{Nicole,
   author={R. Nicole},
   title={Title of paper with only first word capitalized},
   publisher={J. Name Stane. Abbrev. in press}
}

@article{Yorozu1987,
   author={Y. Yorozu and M. Hirano and K. Oka and Y. Tagawa},
   title={Electron spectroscopy studies on magneto-optical media and plastic substrate interface},
   journal={APSIPA Transl. J. Magn. Japan},
   volume={2},
   pages={701-741},
   year={1987}
}

@book{Young1989,
   author={M. Young},
   title={The Technical Writer's Handbook},
   publisher={Milly Valley, CA: University Science},
   year={1989},
}


